%% This BibTeX bibliography file was created using BibDesk.
%% http://bibdesk.sourceforge.net/


%% Created for Paul Ruvolo at 2018-04-09 23:25:36 -0400 


%% Saved with string encoding Unicode (UTF-8) 



@misc{tangoretired,
	Author = {Tech Crunch},
	Date-Added = {2018-04-10 03:24:30 +0000},
	Date-Modified = {2018-04-10 03:25:16 +0000},
	Howpublished = {\url{https://techcrunch.com/2017/08/29/google-retires-the-tango-brand-as-its-smartphone-ar-ambitions-move-wider/}},
	Month = {August},
	Title = {Google retires the Tango brand as its smartphone AR ambitions move wider},
	Year = {2017}}

@book{Hartley2004,
	Author = {Hartley, R.~I. and Zisserman, A.},
	Date-Added = {2018-04-10 02:57:07 +0000},
	Date-Modified = {2018-04-10 02:57:07 +0000},
	Edition = {Second},
	Publisher = {Cambridge University Press, ISBN: 0521540518},
	Title = {Multiple View Geometry in Computer Vision},
	Year = {2004}}

@article{gui2015review,
	Author = {Gui, Jianjun and Gu, Dongbing and Wang, Sen and Hu, Huosheng},
	Date-Added = {2018-04-10 02:51:57 +0000},
	Date-Modified = {2018-04-10 02:51:57 +0000},
	Journal = {Advanced Robotics},
	Number = {20},
	Pages = {1289--1301},
	Publisher = {Taylor \& Francis},
	Title = {A review of visual inertial odometry from filtering and optimisation perspectives},
	Volume = {29},
	Year = {2015}}

@misc{blindsquare,
	Author = {MIPsoft},
	Date-Added = {2018-04-10 01:52:43 +0000},
	Date-Modified = {2018-04-10 01:52:43 +0000},
	Howpublished = {\url{http://www.blindsquare.com/}},
	Title = {BlindSquare: Pioneering accessible navigation},
	Year = {2018}}

@misc{arkit,
	Author = {Apple Inc.},
	Date-Added = {2018-04-10 01:41:16 +0000},
	Date-Modified = {2018-04-10 01:41:16 +0000},
	Howpublished = {\url{https://developer.apple.com/arkit/}},
	Title = {ARKit Apple Developer},
	Year = {2018}}

@misc{aira,
	Author = {Aira Tech Corp},
	Date-Added = {2018-04-09 21:13:02 +0000},
	Date-Modified = {2018-04-10 01:55:15 +0000},
	Howpublished = {\url{https://aira.io/}},
	Title = {aira: your life, your schedule, right now},
	Year = {2018}}

@article{douglas1973algorithms,
	Author = {Douglas, David H and Peucker, Thomas K},
	Date-Added = {2018-04-09 21:12:01 +0000},
	Date-Modified = {2018-04-09 21:12:01 +0000},
	Journal = {Cartographica: The International Journal for Geographic Information and Geovisualization},
	Number = {2},
	Pages = {112--122},
	Publisher = {University of Toronto Press},
	Title = {Algorithms for the reduction of the number of points required to represent a digitized line or its caricature},
	Volume = {10},
	Year = {1973}}

@misc{arcore,
	Author = {Google LLC},
	Date-Added = {2018-04-09 20:58:13 +0000},
	Date-Modified = {2018-04-09 21:13:50 +0000},
	Howpublished = {\url{https://developers.google.com/ar/discover/}},
	Title = {ARCore Overview},
	Year = {2018}}

@incollection{morris2014blind,
	Author = {Morris, John and Mueller, James},
	Booktitle = {Inclusive designing},
	Date-Added = {2018-04-09 19:03:33 +0000},
	Date-Modified = {2018-04-09 19:03:33 +0000},
	Pages = {69--79},
	Publisher = {Springer},
	Title = {Blind and deaf consumer preferences for android and iOS smartphones},
	Year = {2014}}

@inproceedings{bloesch2015robust,
	Author = {Bloesch, Michael and Omari, Sammy and Hutter, Marco and Siegwart, Roland},
	Booktitle = {Intelligent Robots and Systems (IROS), 2015 IEEE/RSJ International Conference on},
	Date-Added = {2018-04-09 18:31:07 +0000},
	Date-Modified = {2018-04-09 18:31:07 +0000},
	Organization = {IEEE},
	Pages = {298--304},
	Title = {Robust visual inertial odometry using a direct EKF-based approach},
	Year = {2015}}

@article{leutenegger2015keyframe,
	Author = {Leutenegger, Stefan and Lynen, Simon and Bosse, Michael and Siegwart, Roland and Furgale, Paul},
	Date-Added = {2018-04-09 18:30:56 +0000},
	Date-Modified = {2018-04-09 18:30:56 +0000},
	Journal = {The International Journal of Robotics Research},
	Number = {3},
	Pages = {314--334},
	Publisher = {SAGE Publications Sage UK: London, England},
	Title = {Keyframe-based visual--inertial odometry using nonlinear optimization},
	Volume = {34},
	Year = {2015}}

@article{li2013high,
	Author = {Li, Mingyang and Mourikis, Anastasios I},
	Date-Added = {2018-04-09 18:30:39 +0000},
	Date-Modified = {2018-04-09 18:30:39 +0000},
	Journal = {The International Journal of Robotics Research},
	Number = {6},
	Pages = {690--711},
	Publisher = {SAGE Publications Sage UK: London, England},
	Title = {High-precision, consistent EKF-based visual-inertial odometry},
	Volume = {32},
	Year = {2013}}

@inproceedings{forster2014svo,
	Author = {Forster, Christian and Pizzoli, Matia and Scaramuzza, Davide},
	Booktitle = {Robotics and Automation (ICRA), 2014 IEEE International Conference on},
	Date-Added = {2018-04-09 18:30:24 +0000},
	Date-Modified = {2018-04-09 18:30:24 +0000},
	Organization = {IEEE},
	Pages = {15--22},
	Title = {SVO: Fast semi-direct monocular visual odometry},
	Year = {2014}}
