%% This BibTeX bibliography file was created using BibDesk.
%% http://bibdesk.sourceforge.net/


%% Created for Paul Ruvolo at 2016-07-19 13:18:39 -0400 


%% Saved with string encoding Unicode (UTF-8) 



@incollection{thrun2008simultaneous,
	Author = {Thrun, Sebastian and Leonard, John J},
	Booktitle = {Springer handbook of robotics},
	Date-Added = {2016-07-13 14:33:18 +0000},
	Date-Modified = {2016-07-13 14:33:18 +0000},
	Pages = {871--889},
	Publisher = {Springer},
	Title = {Simultaneous localization and mapping},
	Year = {2008}}

@article{gu2009survey,
	Author = {Gu, Yanying and Lo, Anthony and Niemegeers, Ignas},
	Date-Added = {2016-07-09 20:02:12 +0000},
	Date-Modified = {2016-07-09 20:02:12 +0000},
	Journal = {IEEE Communications surveys \& tutorials},
	Number = {1},
	Pages = {13--32},
	Publisher = {IEEE},
	Title = {A survey of indoor positioning systems for wireless personal networks},
	Volume = {11},
	Year = {2009}}

@inproceedings{chintalapudi2010indoor,
	Author = {Chintalapudi, Krishna and Padmanabha Iyer, Anand and Padmanabhan, Venkata N},
	Booktitle = {Proceedings of the sixteenth annual international conference on Mobile computing and networking},
	Date-Added = {2016-07-03 21:12:53 +0000},
	Date-Modified = {2016-07-03 21:12:53 +0000},
	Organization = {ACM},
	Pages = {173--184},
	Title = {Indoor localization without the pain},
	Year = {2010}}

@inproceedings{wang2012no,
	Author = {Wang, He and Sen, Souvik and Elgohary, Ahmed and Farid, Moustafa and Youssef, Moustafa and Choudhury, Romit Roy},
	Booktitle = {Proceedings of the 10th international conference on Mobile systems, applications, and services},
	Date-Added = {2016-07-03 18:10:09 +0000},
	Date-Modified = {2016-07-03 18:10:09 +0000},
	Organization = {ACM},
	Pages = {197--210},
	Title = {No need to war-drive: unsupervised indoor localization},
	Year = {2012}}

@article{ruvolo2013exploiting,
	Author = {Ruvolo, Paul and Whitehill, Jacob and Movellan, Javier R},
	Date-Added = {2016-06-30 19:18:27 +0000},
	Date-Modified = {2016-06-30 19:18:27 +0000},
	Journal = {Neural Information Processing Systems. Workshop on Crowdsourcing: Theory, Algorithms and Applications},
	Title = {Exploiting commonality and interaction effects in crowdsourcing tasks using latent factor models},
	Year = {2013}}

@inproceedings{whitehill2009whose,
	Author = {Whitehill, Jacob and Ruvolo, Paul L and Wu, Tingfan and Bergsma, Jacob and Movellan, Javier R},
	Booktitle = {Advances in neural information processing systems},
	Date-Added = {2016-06-30 19:01:21 +0000},
	Date-Modified = {2016-07-19 17:18:38 +0000},
	Pages = {2035--2043},
	Title = {Whose vote should count more: Optimal integration of labels from labelers of unknown expertise},
	Year = {2009}}

@inproceedings{krizhevsky2012imagenet,
	Author = {Krizhevsky, Alex and Sutskever, Ilya and Hinton, Geoffrey E},
	Booktitle = {Advances in neural information processing systems},
	Date-Added = {2016-06-26 18:21:20 +0000},
	Date-Modified = {2016-06-26 18:21:20 +0000},
	Pages = {1097--1105},
	Title = {Imagenet classification with deep convolutional neural networks},
	Year = {2012}}
