%% This BibTeX bibliography file was created using BibDesk.
%% http://bibdesk.sourceforge.net/


%% Created for Paul Ruvolo at 2018-07-17 15:57:54 -0400 


%% Saved with string encoding Unicode (UTF-8) 



@inproceedings{aguerrevere2004portable,
	Author = {Aguerrevere, Daniel and Choudhury, Maroof and Barreto, Armando},
	Booktitle = {2nd LACCEI Int. Latin Amer. Caribbean Conf. Eng. Technol. Miami, FL},
	Date-Added = {2018-07-17 19:57:53 +0000},
	Date-Modified = {2018-07-17 19:57:53 +0000},
	Title = {Portable 3D sound/sonar navigation system for blind individuals},
	Year = {2004}}

@article{gleason2018crowdsourcing,
	Author = {Gleason, Cole and Ahmetovic, Dragan and Savage, Saiph and Toxtli, Carlos and Posthuma, Carl and Asakawa, Chieko and Kitani, Kris M and Bigham, Jeffrey P},
	Date-Added = {2018-07-17 19:40:51 +0000},
	Date-Modified = {2018-07-17 19:40:51 +0000},
	Journal = {Proceedings of the ACM on Interactive, Mobile, Wearable and Ubiquitous Technologies},
	Number = {1},
	Pages = {9},
	Publisher = {ACM},
	Title = {Crowdsourcing the Installation and Maintenance of Indoor Localization Infrastructure to Support Blind Navigation},
	Volume = {2},
	Year = {2018}}

@article{rice2013crowdsourcing,
	Author = {Rice, Matthew T and Jacobson, R Daniel and Caldwell, Douglas R and McDermott, Scott D and Paez, Fabiana I and Aburizaiza, Ahmad O and Curtin, Kevin M and Stefanidis, Anthony and Qin, Han},
	Date-Added = {2018-07-17 19:37:51 +0000},
	Date-Modified = {2018-07-17 19:37:51 +0000},
	Journal = {Cartography and Geographic Information Science},
	Number = {3},
	Pages = {210--219},
	Publisher = {Taylor \& Francis},
	Title = {Crowdsourcing techniques for augmenting traditional accessibility maps with transitory obstacle information},
	Volume = {40},
	Year = {2013}}

@inproceedings{pirkl2012robust,
	Author = {Pirkl, Gerald and Lukowicz, Paul},
	Booktitle = {Proceedings of the 2012 ACM Conference on Ubiquitous Computing},
	Date-Added = {2018-07-17 19:36:18 +0000},
	Date-Modified = {2018-07-17 19:36:18 +0000},
	Organization = {ACM},
	Pages = {431--440},
	Title = {Robust, low cost indoor positioning using magnetic resonant coupling},
	Year = {2012}}

@inproceedings{collin2003indoor,
	Author = {Collin, Jussi and Mezentsev, Oleg and Lachapelle, G{\'e}rard and others},
	Booktitle = {Proc. of ION GPS/GNSS 2003 Conference},
	Date-Added = {2018-07-17 19:35:05 +0000},
	Date-Modified = {2018-07-17 19:35:05 +0000},
	Pages = {9--12},
	Title = {Indoor positioning system using accelerometry and high accuracy heading sensors},
	Year = {2003}}

@inproceedings{kim2012indoor,
	Author = {Kim, Seong-Eun and Kim, Yong and Yoon, Jihyun and Kim, Eung Sun},
	Booktitle = {Indoor Positioning and Indoor Navigation (IPIN), 2012 International Conference on},
	Date-Added = {2018-07-17 19:33:17 +0000},
	Date-Modified = {2018-07-17 19:33:17 +0000},
	Organization = {IEEE},
	Pages = {1--5},
	Title = {Indoor positioning system using geomagnetic anomalies for smartphones},
	Year = {2012}}

@inproceedings{li2012feasible,
	Author = {Li, Binghao and Gallagher, Thomas and Dempster, Andrew G and Rizos, Chris},
	Booktitle = {Indoor positioning and indoor navigation (ipin), 2012 international conference on},
	Date-Added = {2018-07-17 19:32:19 +0000},
	Date-Modified = {2018-07-17 19:32:19 +0000},
	Organization = {IEEE},
	Pages = {1--9},
	Title = {How feasible is the use of magnetic field alone for indoor positioning?},
	Year = {2012}}

@inproceedings{li2016isana,
	Author = {Li, Bing and Munoz, J Pablo and Rong, Xuejian and Xiao, Jizhong and Tian, Yingli and Arditi, Aries},
	Booktitle = {European Conference on Computer Vision},
	Date-Added = {2018-07-17 19:30:42 +0000},
	Date-Modified = {2018-07-17 19:30:42 +0000},
	Organization = {Springer},
	Pages = {448--462},
	Title = {ISANA: wearable context-aware indoor assistive navigation with obstacle avoidance for the blind},
	Year = {2016}}

@inproceedings{ahmetovic2015zebra,
	Author = {Ahmetovic, Dragan and Manduchi, Roberto and Coughlan, James M and Mascetti, Sergio},
	Booktitle = {Proceedings of the 17th International ACM SIGACCESS Conference on Computers \& Accessibility},
	Date-Added = {2018-07-17 19:28:29 +0000},
	Date-Modified = {2018-07-17 19:28:29 +0000},
	Organization = {ACM},
	Pages = {251--258},
	Title = {Zebra crossing spotter: Automatic population of spatial databases for increased safety of blind travelers},
	Year = {2015}}

@inproceedings{prasain2011stopfinder,
	Author = {Prasain, Sanjana},
	Booktitle = {The proceedings of the 13th international ACM SIGACCESS conference on Computers and accessibility},
	Date-Added = {2018-07-17 19:26:58 +0000},
	Date-Modified = {2018-07-17 19:26:58 +0000},
	Organization = {ACM},
	Pages = {323--324},
	Title = {StopFinder: improving the experience of blind public transit riders with crowdsourcing},
	Year = {2011}}

@article{zientara2017third,
	Author = {Zientara, Peter A and Lee, Sooyeon and Smith, Gus H and Brenner, Rorry and Itti, Laurent and Rosson, Mary B and Carroll, John M and Irick, Kevin M and Narayanan, Vijaykrishnan},
	Date-Added = {2018-07-17 19:21:38 +0000},
	Date-Modified = {2018-07-17 19:21:38 +0000},
	Journal = {Computer},
	Number = {2},
	Pages = {16--24},
	Publisher = {IEEE},
	Title = {Third Eye: a shopping assistant for the visually impaired},
	Volume = {50},
	Year = {2017}}

@inproceedings{lopez2011indoor,
	Author = {L{\'o}pez-de-Ipi{\~n}a, Diego and Lorido, Tania and L{\'o}pez, Unai},
	Booktitle = {International Workshop on Ambient Assisted Living},
	Date-Added = {2018-07-17 19:18:43 +0000},
	Date-Modified = {2018-07-17 19:18:43 +0000},
	Organization = {Springer},
	Pages = {33--40},
	Title = {Indoor navigation and product recognition for blind people assisted shopping},
	Year = {2011}}

@article{flores2018weallwalk,
	Author = {Flores, German H and Manduchi, Roberto},
	Date-Added = {2018-07-17 19:12:34 +0000},
	Date-Modified = {2018-07-17 19:12:34 +0000},
	Journal = {ACM Transactions on Accessible Computing (TACCESS)},
	Number = {1},
	Pages = {4},
	Publisher = {ACM},
	Title = {WeAllWalk: An Annotated Dataset of Inertial Sensor Time Series from Blind Walkers},
	Volume = {11},
	Year = {2018}}

@article{flores2014ariadne,
	Author = {Flores, German and Manduchi, Roberto and Zenteno, Enrique D},
	Date-Added = {2018-07-17 19:09:05 +0000},
	Date-Modified = {2018-07-17 19:09:05 +0000},
	Journal = {Proceedings of the IEEE Ubiquitous Positioning Indoor Navigation and Location Based Service},
	Title = {Ariadne's thread: Robust turn detection for path back-tracing using the iPhone},
	Year = {2014}}

@inproceedings{fusco2018indoor,
	Author = {Fusco, Giovanni and Coughlan, James M},
	Booktitle = {International Conference on Computers Helping People with Special Needs},
	Date-Added = {2018-07-17 19:05:56 +0000},
	Date-Modified = {2018-07-17 19:05:56 +0000},
	Organization = {Springer},
	Pages = {86--93},
	Title = {Indoor Localization Using Computer Vision and Visual-Inertial Odometry},
	Year = {2018}}

@inproceedings{flores2018easy,
	Author = {Flores, German and Manduchi, Roberto},
	Booktitle = {Proceedings of the 2018 CHI Conference on Human Factors in Computing Systems},
	Date-Added = {2018-07-17 19:00:09 +0000},
	Date-Modified = {2018-07-17 19:00:09 +0000},
	Organization = {ACM},
	Pages = {17},
	Title = {Easy Return: An App for Indoor Backtracking Assistance},
	Year = {2018}}

@inproceedings{balanced_vqa_v2,
	Author = {Yash Goyal and Tejas Khot and Douglas Summers{-}Stay and Dhruv Batra and Devi Parikh},
	Booktitle = {Conference on Computer Vision and Pattern Recognition (CVPR)},
	Date-Added = {2018-07-17 18:53:42 +0000},
	Date-Modified = {2018-07-17 18:53:42 +0000},
	Title = {Making the {V} in {VQA} Matter: Elevating the Role of Image Understanding in {V}isual {Q}uestion {A}nswering},
	Year = {2017}}

@inproceedings{bahl2000radar,
	Author = {Bahl, Paramvir and Padmanabhan, Venkata N},
	Booktitle = {INFOCOM 2000. Nineteenth Annual Joint Conference of the IEEE Computer and Communications Societies. Proceedings. IEEE},
	Date-Added = {2018-07-17 18:51:53 +0000},
	Date-Modified = {2018-07-17 18:51:53 +0000},
	Organization = {Ieee},
	Pages = {775--784},
	Title = {RADAR: An in-building RF-based user location and tracking system},
	Volume = {2},
	Year = {2000}}

@incollection{morris2014blind,
	Author = {Morris, John and Mueller, James},
	Booktitle = {Inclusive designing},
	Date-Added = {2018-07-17 03:24:32 +0000},
	Date-Modified = {2018-07-17 03:24:32 +0000},
	Pages = {69--79},
	Publisher = {Springer},
	Title = {Blind and deaf consumer preferences for android and iOS smartphones},
	Year = {2014}}

@article{morris2017smartphone,
	Author = {Morris, John T and Sweatman, Mark W and Jones, Michael L},
	Date-Added = {2018-07-15 18:02:18 +0000},
	Date-Modified = {2018-07-15 18:02:18 +0000},
	Publisher = {California State University, Northridge.},
	Title = {Smartphone Use and Activities by People with Disabilities: 2015-2016 Survey},
	Year = {2017}}

@inproceedings{zhou2017unsupervised,
	Author = {Zhou, Tinghui and Brown, Matthew and Snavely, Noah and Lowe, David G},
	Booktitle = {CVPR},
	Date-Added = {2018-07-14 13:46:11 +0000},
	Date-Modified = {2018-07-14 13:46:11 +0000},
	Number = {6},
	Pages = {7},
	Title = {Unsupervised learning of depth and ego-motion from video},
	Volume = {2},
	Year = {2017}}

@inproceedings{voykinska2016blind,
	Author = {Voykinska, Violeta and Azenkot, Shiri and Wu, Shaomei and Leshed, Gilly},
	Booktitle = {Proceedings of the 19th ACM Conference on Computer-Supported Cooperative Work \& Social Computing},
	Date-Added = {2018-07-13 21:12:32 +0000},
	Date-Modified = {2018-07-13 21:12:32 +0000},
	Organization = {ACM},
	Pages = {1584--1595},
	Title = {How blind people interact with visual content on social networking services},
	Year = {2016}}

@inproceedings{adams2016blind,
	Author = {Adams, Dustin and Kurniawan, Sri and Herrera, Cynthia and Kang, Veronica and Friedman, Natalie},
	Booktitle = {Proceedings of the 18th International ACM SIGACCESS Conference on Computers and Accessibility},
	Date-Added = {2018-07-13 21:04:23 +0000},
	Date-Modified = {2018-07-13 21:04:23 +0000},
	Organization = {ACM},
	Pages = {201--208},
	Title = {Blind photographers and VizSnap: A long-term study},
	Year = {2016}}

@inproceedings{riehle2013indoor,
  title={Indoor inertial waypoint navigation for the blind},
  author={Riehle, Timothy H and Anderson, Shane M and Lichter, Patrick A and Whalen, William E and Giudice, Nicholas A},
  booktitle={Engineering in Medicine and Biology Society (EMBC), 2013 35th Annual International Conference of the IEEE},
  pages={5187--5190},
  year={2013},
  organization={IEEE}
}

@article{legge2013indoor,
  title={Indoor navigation by people with visual impairment using a digital sign system},
  author={Legge, Gordon E and Beckmann, Paul J and Tjan, Bosco S and Havey, Gary and Kramer, Kevin and Rolkosky, David and Gage, Rachel and Chen, Muzi and Puchakayala, Sravan and Rangarajan, Aravindhan},
  journal={PloS one},
  volume={8},
  number={10},
  pages={e76783},
  year={2013},
  publisher={Public Library of Science}
}

@inproceedings{riehle2012indoor,
	Author = {Riehle, Timothy H and Anderson, Shane M and Lichter, Patrick A and Giudice, Nicholas A and Sheikh, Suneel I and Knuesel, Robert J and Kollmann, Daniel T and Hedin, Daniel S},
	Booktitle = {Engineering in Medicine and Biology Society (EMBC), 2012 Annual International Conference of the IEEE},
	Date-Added = {2018-07-13 13:31:33 +0000},
	Date-Modified = {2018-07-13 13:31:33 +0000},
	Organization = {IEEE},
	Pages = {1972--1975},
	Title = {Indoor magnetic navigation for the blind},
	Year = {2012}}

@article{hara2015improving,
	Author = {Hara, Kotaro and Azenkot, Shiri and Campbell, Megan and Bennett, Cynthia L and Le, Vicki and Pannella, Sean and Moore, Robert and Minckler, Kelly and Ng, Rochelle H and Froehlich, Jon E},
	Date-Added = {2018-07-13 02:43:23 +0000},
	Date-Modified = {2018-07-13 02:43:23 +0000},
	Journal = {ACM Transactions on Accessible Computing (TACCESS)},
	Number = {2},
	Pages = {5},
	Publisher = {ACM},
	Title = {Improving public transit accessibility for blind riders by crowdsourcing bus stop landmark locations with google street view: An extended analysis},
	Volume = {6},
	Year = {2015}}

@article{saab2011standalone,
	Author = {Saab, Samer S and Nakad, Zahi S},
	Date-Added = {2018-07-13 02:40:10 +0000},
	Date-Modified = {2018-07-13 02:40:10 +0000},
	Journal = {IEEE Transactions on Industrial Electronics},
	Number = {5},
	Pages = {1961--1970},
	Publisher = {IEEE},
	Title = {A standalone RFID indoor positioning system using passive tags},
	Volume = {58},
	Year = {2011}}

@inproceedings{bekkali2007rfid,
	Author = {Bekkali, Abdelmoula and Sanson, Horacio and Matsumoto, Mitsuji},
	Booktitle = {Wireless and Mobile Computing, Networking and Communications, 2007. WiMOB 2007. Third IEEE International Conference on},
	Date-Added = {2018-07-13 02:39:17 +0000},
	Date-Modified = {2018-07-13 02:39:17 +0000},
	Organization = {IEEE},
	Pages = {21--21},
	Title = {RFID indoor positioning based on probabilistic RFID map and Kalman filtering},
	Year = {2007}}

@article{harle2013survey,
	Author = {Harle, Robert},
	Date-Added = {2018-07-13 02:33:35 +0000},
	Date-Modified = {2018-07-13 02:33:35 +0000},
	Journal = {IEEE Communications Surveys and Tutorials},
	Number = {3},
	Pages = {1281--1293},
	Title = {A survey of indoor inertial positioning systems for pedestrians.},
	Volume = {15},
	Year = {2013}}

@inproceedings{le2012wifi,
	Author = {Le Dortz, Nicolas and Gain, Florian and Zetterberg, Per},
	Booktitle = {Acoustics, Speech and Signal Processing (ICASSP), 2012 IEEE International Conference on},
	Date-Added = {2018-07-13 02:30:15 +0000},
	Date-Modified = {2018-07-13 02:30:15 +0000},
	Organization = {IEEE},
	Pages = {2301--2304},
	Title = {WiFi fingerprint indoor positioning system using probability distribution comparison},
	Year = {2012}}

@article{yang2015wifi,
	Author = {Yang, Chouchang and Shao, Huai-Rong},
	Date-Added = {2018-07-13 02:29:07 +0000},
	Date-Modified = {2018-07-13 02:29:07 +0000},
	Journal = {IEEE Communications Magazine},
	Number = {3},
	Pages = {150--157},
	Publisher = {IEEE},
	Title = {WiFi-based indoor positioning},
	Volume = {53},
	Year = {2015}}

@inproceedings{bose2007practical,
	Author = {Bose, Atreyi and Foh, Chuan Heng},
	Booktitle = {Information, Communications \& Signal Processing, 2007 6th International Conference on},
	Date-Added = {2018-07-13 02:28:05 +0000},
	Date-Modified = {2018-07-13 02:28:05 +0000},
	Organization = {IEEE},
	Pages = {1--5},
	Title = {A practical path loss model for indoor WiFi positioning enhancement},
	Year = {2007}}

@article{giudice2008blind,
	Author = {Giudice, Nicholas A and Legge, Gordon E},
	Date-Added = {2018-07-13 02:16:02 +0000},
	Date-Modified = {2018-07-13 02:16:02 +0000},
	Journal = {The Engineering Handbook of Smart Technology for Aging, Disability, and Independence},
	Pages = {479--500},
	Publisher = {Wiley Online Library},
	Title = {Blind navigation and the role of technology},
	Year = {2008}}

@inproceedings{chumkamon2008blind,
	Author = {Chumkamon, Sakmongkon and Tuvaphanthaphiphat, Peranitti and Keeratiwintakorn, Phongsak},
	Booktitle = {Electrical Engineering/Electronics, Computer, Telecommunications and Information Technology, 2008. ECTI-CON 2008. 5th International Conference on},
	Date-Added = {2018-07-13 02:08:38 +0000},
	Date-Modified = {2018-07-13 02:08:38 +0000},
	Organization = {IEEE},
	Pages = {765--768},
	Title = {A blind navigation system using RFID for indoor environments},
	Volume = {2},
	Year = {2008}}

@inproceedings{ran2004drishti,
	Author = {Ran, Lisa and Helal, Sumi and Moore, Steve},
	Booktitle = {Pervasive Computing and Communications, 2004. PerCom 2004. Proceedings of the Second IEEE Annual Conference on},
	Date-Added = {2018-07-13 02:05:40 +0000},
	Date-Modified = {2018-07-13 02:05:40 +0000},
	Organization = {IEEE},
	Pages = {23--30},
	Title = {Drishti: an integrated indoor/outdoor blind navigation system and service},
	Year = {2004}}

@article{vijayanarasimhan2017sfm,
	Author = {Vijayanarasimhan, Sudheendra and Ricco, Susanna and Schmid, Cordelia and Sukthankar, Rahul and Fragkiadaki, Katerina},
	Date-Added = {2018-07-06 23:08:05 +0000},
	Date-Modified = {2018-07-06 23:08:05 +0000},
	Journal = {arXiv preprint arXiv:1704.07804},
	Title = {Sfm-net: Learning of structure and motion from video},
	Year = {2017}}

@inproceedings{saxena2006learning,
	Author = {Saxena, Ashutosh and Chung, Sung H and Ng, Andrew Y},
	Booktitle = {Advances in neural information processing systems},
	Date-Added = {2018-07-06 23:06:35 +0000},
	Date-Modified = {2018-07-06 23:06:35 +0000},
	Pages = {1161--1168},
	Title = {Learning depth from single monocular images},
	Year = {2006}}

@article{f2000measurement,
	Author = {F. Antonak, Richard and Livneh, Hanoch},
	Date-Added = {2018-07-04 19:17:14 +0000},
	Date-Modified = {2018-07-04 19:17:14 +0000},
	Journal = {Disability and rehabilitation},
	Number = {5},
	Pages = {211--224},
	Publisher = {Taylor \& Francis},
	Title = {Measurement of attitudes towards persons with disabilities},
	Volume = {22},
	Year = {2000}}

@article{silverman2015stumbling,
	Author = {Silverman, Arielle M and Gwinn, Jason D and Van Boven, Leaf},
	Date-Added = {2018-07-04 15:33:22 +0000},
	Date-Modified = {2018-07-04 15:33:22 +0000},
	Journal = {Social Psychological and Personality Science},
	Number = {4},
	Pages = {464--471},
	Publisher = {Sage Publications Sage CA: Los Angeles, CA},
	Title = {Stumbling in their shoes: Disability simulations reduce judged capabilities of disabled people},
	Volume = {6},
	Year = {2015}}

@article{meijer1992experimental,
	Author = {Meijer, Peter BL},
	Date-Added = {2018-06-28 02:01:54 +0000},
	Date-Modified = {2018-06-28 02:01:54 +0000},
	Journal = {IEEE transactions on biomedical engineering},
	Number = {2},
	Pages = {112--121},
	Publisher = {IEEE},
	Title = {An experimental system for auditory image representations},
	Volume = {39},
	Year = {1992}}

@inproceedings{kacorri2018environmental,
	Author = {Kacorri, Hernisa and Ohn-Bar, Eshed and Kitani, Kris M and Asakawa, Chieko},
	Booktitle = {Proceedings of the 2018 CHI Conference on Human Factors in Computing Systems},
	Date-Added = {2018-06-27 13:17:55 +0000},
	Date-Modified = {2018-06-27 13:17:55 +0000},
	Organization = {ACM},
	Pages = {56},
	Title = {Environmental Factors in Indoor Navigation Based on Real-World Trajectories of Blind Users},
	Year = {2018}}

@inproceedings{wise2012indoor,
	Author = {Wise, Elyse and Li, Binghao and Gallagher, Thomas and Dempster, Andrew G and Rizos, Chris and Ramsey-Stewart, Euan and Woo, Daniel},
	Booktitle = {Indoor Positioning and Indoor Navigation (IPIN), 2012 International Conference on},
	Date-Added = {2018-06-27 13:03:42 +0000},
	Date-Modified = {2018-06-27 13:03:42 +0000},
	Organization = {IEEE},
	Pages = {1--7},
	Title = {Indoor navigation for the blind and vision impaired: Where are we and where are we going?},
	Year = {2012}}

@article{saurer2017homography,
	Author = {Saurer, Olivier and Vasseur, Pascal and Boutteau, R{\'e}mi and Demonceaux, C{\'e}dric and Pollefeys, Marc and Fraundorfer, Friedrich},
	Date-Added = {2018-06-27 12:54:14 +0000},
	Date-Modified = {2018-06-27 12:54:14 +0000},
	Journal = {IEEE transactions on pattern analysis and machine intelligence},
	Number = {2},
	Pages = {327--341},
	Publisher = {IEEE},
	Title = {Homography based egomotion estimation with a common direction},
	Volume = {39},
	Year = {2017}}

@inproceedings{ruvolo2014online,
	Author = {Ruvolo, Paul and Eaton, Eric},
	Booktitle = {AAAI},
	Date-Added = {2018-06-26 19:39:44 +0000},
	Date-Modified = {2018-06-26 19:39:44 +0000},
	Pages = {2062--2068},
	Title = {Online Multi-Task Learning via Sparse Dictionary Optimization.},
	Year = {2014}}

@inproceedings{ammar2014online,
	Author = {Ammar, Haitham Bou and Eaton, Eric and Ruvolo, Paul and Taylor, Matthew},
	Booktitle = {International Conference on Machine Learning},
	Date-Added = {2018-06-26 19:39:10 +0000},
	Date-Modified = {2018-06-26 19:39:10 +0000},
	Pages = {1206--1214},
	Title = {Online multi-task learning for policy gradient methods},
	Year = {2014}}

@inproceedings{ammar2015autonomous,
	Author = {Ammar, Haitham Bou and Eaton, Eric and Luna, Jos{\'e} Marcio and Ruvolo, Paul},
	Booktitle = {International Joint Conference on Artificial Intelligence},
	Date-Added = {2018-06-26 19:38:34 +0000},
	Date-Modified = {2018-06-26 19:38:34 +0000},
	Pages = {3345--3351},
	Title = {Autonomous cross-domain knowledge transfer in lifelong policy gradient reinforcement learning},
	Year = {2015}}

@techreport{taylor2016lifelong,
	Author = {Taylor, Matthew and Eaton, Eric and Ruvolo, Paul},
	Date-Added = {2018-06-26 19:35:51 +0000},
	Date-Modified = {2018-06-26 19:35:51 +0000},
	Institution = {Washington State University Pullman United States},
	Title = {Lifelong transfer learning for heterogeneous teams of agents in sequential decision processes},
	Year = {2016}}

@inproceedings{ruvolo2013ella,
	Author = {Ruvolo, Paul and Eaton, Eric},
	Booktitle = {International Conference on Machine Learning},
	Date-Added = {2018-06-26 19:35:11 +0000},
	Date-Modified = {2018-06-26 19:35:11 +0000},
	Pages = {507--515},
	Title = {ELLA: An efficient lifelong learning algorithm},
	Year = {2013}}

@article{thinus1997representation,
	Author = {Thinus-Blanc, Catherine and Gaunet, Florence},
	Date-Added = {2018-06-26 18:09:46 +0000},
	Date-Modified = {2018-06-26 18:09:46 +0000},
	Journal = {Psychological bulletin},
	Number = {1},
	Pages = {20},
	Publisher = {American Psychological Association},
	Title = {Representation of space in blind persons: vision as a spatial sense?},
	Volume = {121},
	Year = {1997}}

@article{schinazi2016spatial,
	Author = {Schinazi, Victor R and Thrash, Tyler and Chebat, Daniel-Robert},
	Date-Added = {2018-06-26 18:09:06 +0000},
	Date-Modified = {2018-06-26 18:09:06 +0000},
	Journal = {Wiley Interdisciplinary Reviews: Cognitive Science},
	Number = {1},
	Pages = {37--58},
	Publisher = {Wiley Online Library},
	Title = {Spatial navigation by congenitally blind individuals},
	Volume = {7},
	Year = {2016}}

@article{long1997establishing,
	Author = {Long, Richard G and Hill, EW},
	Date-Added = {2018-06-26 18:07:32 +0000},
	Date-Modified = {2018-06-26 18:07:32 +0000},
	Journal = {Foundations of orientation and mobility},
	Publisher = {American Foundation for the Blind New York},
	Title = {Establishing and maintaining orientation for mobility},
	Volume = {1},
	Year = {1997}}

@article{douglas1973algorithms,
	Author = {Douglas, David H and Peucker, Thomas K},
	Date-Added = {2018-06-26 17:30:57 +0000},
	Date-Modified = {2018-06-26 17:30:57 +0000},
	Journal = {Cartographica: The International Journal for Geographic Information and Geovisualization},
	Number = {2},
	Pages = {112--122},
	Publisher = {University of Toronto Press},
	Title = {Algorithms for the reduction of the number of points required to represent a digitized line or its caricature},
	Volume = {10},
	Year = {1973}}

@inproceedings{kendall2015posenet,
	Author = {Kendall, Alex and Grimes, Matthew and Cipolla, Roberto},
	Booktitle = {Computer Vision (ICCV), 2015 IEEE International Conference on},
	Date-Added = {2018-06-19 03:01:47 +0000},
	Date-Modified = {2018-06-19 03:01:47 +0000},
	Organization = {IEEE},
	Pages = {2938--2946},
	Title = {Posenet: A convolutional network for real-time 6-dof camera relocalization},
	Year = {2015}}

@article{xiang2017posecnn,
	Author = {Xiang, Yu and Schmidt, Tanner and Narayanan, Venkatraman and Fox, Dieter},
	Date-Added = {2018-06-19 02:52:33 +0000},
	Date-Modified = {2018-06-19 02:52:33 +0000},
	Journal = {arXiv preprint arXiv:1711.00199},
	Title = {PoseCNN: A Convolutional Neural Network for 6D Object Pose Estimation in Cluttered Scenes},
	Year = {2017}}

@book{Hartley2004,
	Author = {Hartley, R.~I. and Zisserman, A.},
	Date-Added = {2018-06-18 02:07:02 +0000},
	Date-Modified = {2018-06-18 02:07:02 +0000},
	Edition = {Second},
	Publisher = {Cambridge University Press, ISBN: 0521540518},
	Title = {Multiple View Geometry in Computer Vision},
	Year = {2004}}

@inproceedings{olson2011tags,
	Author = {Edwin Olson},
	Booktitle = {Proceedings of the {IEEE} International Conference on Robotics and Automation ({ICRA})},
	Date-Added = {2018-06-15 19:44:19 +0000},
	Date-Modified = {2018-06-15 19:44:19 +0000},
	Keywords = {Robot navigation, SLAM, Visual Fiducial, ARToolkit},
	Month = {May},
	Pages = {3400-3407},
	Publisher = {IEEE},
	Title = {{AprilTag}: A robust and flexible visual fiducial system},
	Year = {2011}}

@misc{seeingai,
	Author = {Microsoft Inc.},
	Date-Added = {2018-06-26 19:02:22 +0000},
	Date-Modified = {2018-06-26 19:02:22 +0000},
	Howpublished = {\url{https://www.microsoft.com/en-us/seeing-ai}},
	Title = {Seeing AI},
	Year = {2018}}

@misc{engadgetlookout,
	Author = {Engadget},
	Date-Added = {2018-06-26 19:02:22 +0000},
	Date-Modified = {2018-06-26 19:02:22 +0000},
	Howpublished = {\url{https://www.engadget.com/2018/05/08/google-lookout-app/}},
	Title = {Google's Lookout will help the blind navigate their environment},
	Year = {2018}}

@misc{laborstats2017,
	Author = {American Foundation for the Blind},
	Date-Added = {2018-06-15 19:02:22 +0000},
	Date-Modified = {2018-06-15 19:02:22 +0000},
	Howpublished = {\url{http://www.afb.org/info/programs-and-services/public-policy-center/research-navigator-a-quarterly-series-on-research-in-blindness-and-visual-impairment/putting-data-to-work-reinforcing-labor-force-statistics/1235}},
	Title = {Research Navigator: Putting Data to Work - Reinforcing Labor Force Statistics},
	Year = {2017}}

@misc{arkit,
	Author = {Apple Inc.},
	Date-Added = {2018-06-15 19:02:22 +0000},
	Date-Modified = {2018-06-15 19:02:22 +0000},
	Howpublished = {\url{https://developer.apple.com/arkit/}},
	Title = {ARKit Apple Developer},
	Year = {2018}}

@article{gui2015review,
	Author = {Gui, Jianjun and Gu, Dongbing and Wang, Sen and Hu, Huosheng},
	Date-Added = {2018-06-15 18:54:19 +0000},
	Date-Modified = {2018-06-15 18:54:19 +0000},
	Journal = {Advanced Robotics},
	Number = {20},
	Pages = {1289--1301},
	Publisher = {Taylor \& Francis},
	Title = {A review of visual inertial odometry from filtering and optimisation perspectives},
	Volume = {29},
	Year = {2015}}

@inproceedings{kacorri2016supporting,
	Author = {Kacorri, Hernisa and Mascetti, Sergio and Gerino, Andrea and Ahmetovic, Dragan and Takagi, Hironobu and Asakawa, Chieko},
	Booktitle = {Proceedings of the 18th International ACM SIGACCESS Conference on Computers and Accessibility},
	Date-Added = {2018-06-14 18:50:03 +0000},
	Date-Modified = {2018-06-14 18:50:03 +0000},
	Organization = {ACM},
	Pages = {151--159},
	Title = {Supporting orientation of people with visual impairment: Analysis of large scale usage data},
	Year = {2016}}

@inproceedings{jordan2017sensing,
	Author = {Jordan, Rebecca and Morrow, Alexander and Ruvolo, Paul},
	Booktitle = {OCEANS 2017-Aberdeen},
	Date-Added = {2018-06-14 02:00:04 +0000},
	Date-Modified = {2018-06-14 02:00:04 +0000},
	Organization = {IEEE},
	Pages = {1--5},
	Title = {Sensing sail luffing by detection of sail shape},
	Year = {2017}}

@inproceedings{keil2017autonomous,
	Author = {Keil, Kaitlyn and Morrow, Alexander and Geddes, John B and Ruvolo, Paul},
	Booktitle = {OCEANS 2017-Aberdeen},
	Date-Added = {2018-06-14 01:59:09 +0000},
	Date-Modified = {2018-06-14 01:59:09 +0000},
	Organization = {IEEE},
	Pages = {1--6},
	Title = {Autonomous sailing for blind sailors using GPS},
	Year = {2017}}

@article{choi2018visual,
	Author = {Choi, Hyo Geun and Lee, Min Joung and Lee, Sang-Mok},
	Date-Added = {2018-06-12 02:50:05 +0000},
	Date-Modified = {2018-06-12 02:50:05 +0000},
	Journal = {Scientific reports},
	Number = {1},
	Pages = {2083},
	Publisher = {Nature Publishing Group},
	Title = {Visual impairment and risk of depression: A longitudinal follow-up study using a national sample cohort},
	Volume = {8},
	Year = {2018}}

@phdthesis{huai2017collaborative,
	Author = {Huai, Jianzhu},
	Date-Added = {2018-05-30 22:57:45 +0000},
	Date-Modified = {2018-05-30 22:57:45 +0000},
	School = {Ohio State University},
	Title = {Collaborative SLAM with crowdsourced data},
	Year = {2017}}

@article{leutenegger2015keyframe,
	Annote = {This paper discusses some methodological issues with evaluating these algorithms.  Note that this is a stereo algorithm.},
	Author = {Leutenegger, Stefan and Lynen, Simon and Bosse, Michael and Siegwart, Roland and Furgale, Paul},
	Date-Added = {2018-05-01 03:33:21 +0000},
	Date-Modified = {2018-05-01 03:33:29 +0000},
	Journal = {The International Journal of Robotics Research},
	Number = {3},
	Pages = {314--334},
	Publisher = {SAGE Publications Sage UK: London, England},
	Title = {Keyframe-based visual--inertial odometry using nonlinear optimization},
	Volume = {34},
	Year = {2015}}

@inproceedings{garcia2011electronic,
	Author = {Garc{\'\i}a, AR and Fonseca, R and Dur{\'a}n, A},
	Booktitle = {Health Care Exchanges (PAHCE), 2011 Pan American},
	Date-Added = {2018-05-01 03:26:10 +0000},
	Date-Modified = {2018-05-01 03:26:10 +0000},
	Organization = {IEEE},
	Pages = {58--61},
	Title = {Electronic long cane for locomotion improving on visual impaired people. A case study},
	Year = {2011}}

@article{ramprabu2013smart,
	Author = {Ramprabu, J and Gowthaman, T},
	Date-Added = {2018-05-01 03:21:57 +0000},
	Date-Modified = {2018-05-01 03:21:57 +0000},
	Journal = {International Journal of Computer Science and Information Technologies},
	Number = {1},
	Pages = {24--28},
	Title = {Smart Cane for Visually Impaired People},
	Volume = {4},
	Year = {2013}}

@inproceedings{Fiannaca:2014:HWN:2661334.2661453,
	Acmid = {2661453},
	Address = {New York, NY, USA},
	Author = {Fiannaca, Alexander and Apostolopoulous, Ilias and Folmer, Eelke},
	Booktitle = {Proceedings of the 16th International ACM SIGACCESS Conference on Computers \& Accessibility},
	Date-Added = {2018-03-08 03:11:32 +0000},
	Date-Modified = {2018-03-08 03:11:32 +0000},
	Doi = {10.1145/2661334.2661453},
	Isbn = {978-1-4503-2720-6},
	Keywords = {head-mounted display, mobility, navigation, sonification., veering, visual impairment, wearable computing},
	Location = {Rochester, New York, USA},
	Numpages = {8},
	Pages = {19--26},
	Publisher = {ACM},
	Series = {ASSETS '14},
	Title = {Headlock: A Wearable Navigation Aid That Helps Blind Cane Users Traverse Large Open Spaces},
	Url = {http://doi.acm.org/10.1145/2661334.2661453},
	Year = {2014},
	Bdsk-Url-1 = {http://doi.acm.org/10.1145/2661334.2661453},
	Bdsk-Url-2 = {https://dx.doi.org/10.1145/2661334.2661453}}

@inproceedings{Lasecki:2014:IBC:2661334.2661407,
	Acmid = {2661407},
	Address = {New York, NY, USA},
	Author = {Lasecki, Walter S. and Zhong, Yu and Bigham, Jeffrey P.},
	Booktitle = {Proceedings of the 16th International ACM SIGACCESS Conference on Computers \& Accessibility},
	Date-Added = {2018-03-08 03:10:36 +0000},
	Date-Modified = {2018-03-08 03:10:36 +0000},
	Doi = {10.1145/2661334.2661407},
	Isbn = {978-1-4503-2720-6},
	Keywords = {crowdsourcing, visual question answering},
	Location = {Rochester, New York, USA},
	Numpages = {2},
	Pages = {263--264},
	Publisher = {ACM},
	Series = {ASSETS '14},
	Title = {Increasing the Bandwidth of Crowdsourced Visual Question Answering to Better Support Blind Users},
	Url = {http://doi.acm.org/10.1145/2661334.2661407},
	Year = {2014},
	Bdsk-Url-1 = {http://doi.acm.org/10.1145/2661334.2661407},
	Bdsk-Url-2 = {https://dx.doi.org/10.1145/2661334.2661407}}

@inproceedings{Gleason:2016:VAV:2982142.2982200,
	Acmid = {2982200},
	Address = {New York, NY, USA},
	Author = {Gleason, Cole and Guo, Anhong and Laput, Gierad and Kitani, Kris and Bigham, Jeffrey P.},
	Booktitle = {Proceedings of the 18th International ACM SIGACCESS Conference on Computers and Accessibility},
	Date-Added = {2018-03-08 03:08:20 +0000},
	Date-Modified = {2018-03-08 03:08:20 +0000},
	Doi = {10.1145/2982142.2982200},
	Isbn = {978-1-4503-4124-0},
	Keywords = {accessibility, blind users, crowdsourcing, indoor navigation},
	Location = {Reno, Nevada, USA},
	Numpages = {2},
	Pages = {273--274},
	Publisher = {ACM},
	Series = {ASSETS '16},
	Title = {VizMap: Accessible Visual Information Through Crowdsourced Map Reconstruction},
	Url = {http://doi.acm.org/10.1145/2982142.2982200},
	Year = {2016},
	Bdsk-Url-1 = {http://doi.acm.org/10.1145/2982142.2982200},
	Bdsk-Url-2 = {https://dx.doi.org/10.1145/2982142.2982200}}

@inproceedings{Feng:2016:DWM:2982142.2982144,
	Acmid = {2982144},
	Address = {New York, NY, USA},
	Author = {Feng, Catherine},
	Booktitle = {Proceedings of the 18th International ACM SIGACCESS Conference on Computers and Accessibility},
	Date-Added = {2018-03-08 03:02:24 +0000},
	Date-Modified = {2018-03-08 03:02:24 +0000},
	Doi = {10.1145/2982142.2982144},
	Isbn = {978-1-4503-4124-0},
	Keywords = {accessibility, blind, mobile devices, wearable controls},
	Location = {Reno, Nevada, USA},
	Numpages = {2},
	Pages = {341--342},
	Publisher = {ACM},
	Series = {ASSETS '16},
	Title = {Designing Wearable Mobile Device Controllers for Blind People: A Co-Design Approach},
	Url = {http://doi.acm.org/10.1145/2982142.2982144},
	Year = {2016},
	Bdsk-Url-1 = {http://doi.acm.org/10.1145/2982142.2982144},
	Bdsk-Url-2 = {https://dx.doi.org/10.1145/2982142.2982144}}

@inproceedings{Rituerto:2016:TSI:2982142.2982202,
	Acmid = {2982202},
	Address = {New York, NY, USA},
	Author = {Rituerto, Alejandro and Fusco, Giovanni and Coughlan, James M.},
	Booktitle = {Proceedings of the 18th International ACM SIGACCESS Conference on Computers and Accessibility},
	Date-Added = {2018-03-08 03:01:09 +0000},
	Date-Modified = {2018-03-08 03:01:09 +0000},
	Doi = {10.1145/2982142.2982202},
	Isbn = {978-1-4503-4124-0},
	Keywords = {blindness, low vision., navigation, wayfinding},
	Location = {Reno, Nevada, USA},
	Numpages = {2},
	Pages = {287--288},
	Publisher = {ACM},
	Series = {ASSETS '16},
	Title = {Towards a Sign-Based Indoor Navigation System for People with Visual Impairments},
	Url = {http://doi.acm.org/10.1145/2982142.2982202},
	Year = {2016},
	Bdsk-Url-1 = {http://doi.acm.org/10.1145/2982142.2982202},
	Bdsk-Url-2 = {https://dx.doi.org/10.1145/2982142.2982202}}

@inproceedings{abdolrahmani2016not,
	Author = {Abdolrahmani, Ali and Easley, William and Williams, Michele A and Ronquillo, Erick and Branham, Stacy and Chen, Tiffany and Hurst, Amy},
	Booktitle = {Proceedings of the 18th International ACM SIGACCESS Conference on Computers and Accessibility},
	Date-Added = {2018-03-08 02:59:41 +0000},
	Date-Modified = {2018-03-08 02:59:41 +0000},
	Organization = {ACM},
	Pages = {301--302},
	Title = {Not all errors are created equal: Factors that impact acceptance of an indoor navigation aid for the blind},
	Year = {2016}}

@inproceedings{Ross:2000:WIO:354324.354380,
	Acmid = {354380},
	Address = {New York, NY, USA},
	Author = {Ross, David A. and Blasch, Bruce B.},
	Booktitle = {Proceedings of the Fourth International ACM Conference on Assistive Technologies},
	Date-Added = {2018-03-05 22:20:50 +0000},
	Date-Modified = {2018-03-05 22:20:50 +0000},
	Doi = {10.1145/354324.354380},
	Isbn = {1-58113-313-8},
	Keywords = {blindness, orientation aid, street crossing, wayfinding},
	Location = {Arlington, Virginia, USA},
	Numpages = {8},
	Pages = {193--200},
	Publisher = {ACM},
	Series = {Assets '00},
	Title = {Wearable Interfaces for Orientation and Wayfinding},
	Url = {http://doi.acm.org/10.1145/354324.354380},
	Year = {2000},
	Bdsk-Url-1 = {http://doi.acm.org/10.1145/354324.354380},
	Bdsk-Url-2 = {https://dx.doi.org/10.1145/354324.354380}}

@inproceedings{bigham2010vizwizlocateit,
	Author = {Bigham, Jeffrey P and Jayant, Chandrika and Miller, Andrew and White, Brandyn and Yeh, Tom},
	Booktitle = {Computer Vision and Pattern Recognition Workshops (CVPRW), 2010 IEEE Computer Society Conference on},
	Date-Added = {2018-04-11 03:57:36 +0000},
	Date-Modified = {2018-04-11 03:57:47 +0000},
	Organization = {IEEE},
	Pages = {65--72},
	Title = {VizWiz:: LocateIt-enabling blind people to locate objects in their environment},
	Year = {2010}}

@inproceedings{Chan:2007:ASN:1296843.1296886,
	Acmid = {1296886},
	Address = {New York, NY, USA},
	Author = {Chan, Kee-Yip and Manduchi, Roberto and Coughlan, James},
	Booktitle = {Proceedings of the 9th International ACM SIGACCESS Conference on Computers and Accessibility},
	Date-Added = {2018-03-05 21:15:40 +0000},
	Date-Modified = {2018-03-05 21:15:40 +0000},
	Doi = {10.1145/1296843.1296886},
	Isbn = {978-1-59593-573-1},
	Keywords = {blindness, orientation, wayfinding},
	Location = {Tempe, Arizona, USA},
	Numpages = {2},
	Pages = {229--230},
	Publisher = {ACM},
	Series = {Assets '07},
	Title = {Accessible Spaces: Navigating Through a Marked Environment with a Camera Phone},
	Url = {http://doi.acm.org/10.1145/1296843.1296886},
	Year = {2007},
	Bdsk-Url-1 = {http://doi.acm.org/10.1145/1296843.1296886},
	Bdsk-Url-2 = {https://dx.doi.org/10.1145/1296843.1296886}}

@misc{arcore,
	Author = {Google LLC},
	Date-Added = {2018-04-09 20:58:13 +0000},
	Date-Modified = {2018-04-09 21:13:50 +0000},
	Howpublished = {\url{https://developers.google.com/ar/discover/}},
	Title = {ARCore Overview},
	Year = {2018}}

@misc{blindways,
	Author = {Perkins Solutions},
	Date-Added = {2018-08-08 20:58:13 +0000},
	Date-Modified = {2018-08-08 21:13:50 +0000},
	Howpublished = {\url{http://www.perkins.org/solutions/featured-products/blindways}},
	Title = {Blind Ways},
	Year = {2018}}

@misc{sunu,
	Author = {Sunu Incoporated},
	Date-Added = {2018-08-08 20:58:13 +0000},
	Date-Modified = {2018-08-08 21:13:50 +0000},
	Howpublished = {\url{https://www.sunu.io/}},
	Title = {Sunu Band},
	Year = {2018}}

@misc{aira,
	Author = {Aira Tech Corp.},
	Date-Added = {2018-08-08 20:58:13 +0000},
	Date-Modified = {2018-08-08 21:13:50 +0000},
	Howpublished = {\url{https://aira.io/}},
	Title = {AIRA: Your Life, Your Schedule, Right Now},
	Year = {2018}}

@misc{blindsquare,
	Author = {MIPsoft Incorporated},
	Date-Added = {2018-08-08 20:58:13 +0000},
	Date-Modified = {2018-08-08 21:13:50 +0000},
	Howpublished = {\url{http://www.blindsquare.com/}},
	Title = {Blind Square: Pioneering accessible navigation - indoors and outdoors},
	Year = {2018}}

@misc{soundscape,
	Author = {Microsoft Corporation},
	Date-Added = {2018-08-08 20:58:13 +0000},
	Date-Modified = {2018-08-08 21:13:50 +0000},
	Howpublished = {\url{https://www.microsoft.com/en-us/research/product/soundscape/}},
	Title = {Microsoft Soundscape: A map delivered in 3D sound},
	Year = {2018}}

@misc{manserbostonmarathon,
	Author = {Popular Science},
	Date-Added = {2018-08-08 20:58:13 +0000},
	Date-Modified = {2018-08-08 21:13:50 +0000},
	Howpublished = {\url{https://www.popsci.com/what-boston-marathon-tells-us-about-state-assistive-technology}},
	Title = {Pushing the limits of assistive technology during the Boston Marathon},
	Year = {2017}}

@inproceedings{bernstein2010soylent,
	Author = {Bernstein, Michael S and Little, Greg and Miller, Robert C and Hartmann, Bj{\"o}rn and Ackerman, Mark S and Karger, David R and Crowell, David and Panovich, Katrina},
	Booktitle = {Proceedings of the 23nd annual ACM symposium on User interface software and technology},
	Organization = {ACM},
	Pages = {313--322},
	Title = {Soylent: a word processor with a crowd inside},
	Year = {2010}}

@inproceedings{guo2017facade,
	Author = {Guo, Anhong and Kim, Jeeeun and Chen, Xiang'Anthony' and Yeh, Tom and Hudson, Scott E and Mankoff, Jennifer and Bigham, Jeffrey P},
	Booktitle = {Proceedings of the 2017 CHI Conference on Human Factors in Computing Systems},
	Organization = {ACM},
	Pages = {5826--5838},
	Title = {Facade: Auto-generating tactile interfaces to appliances},
	Year = {2017}}

@inproceedings{flores2014ariadne,
  title={Ariadne's thread: Robust turn detection for path back-tracing using the iPhone},
  author={Flores, Germ{\'a}n H and Manduchi, Roberto and Zenteno, Enrique D},
  booktitle={2014 Ubiquitous Positioning Indoor Navigation and Location Based Service (UPINLBS)},
  pages={133--140},
  year={2014},
  organization={IEEE}
}

@article{dakopoulos2010wearable,
  title={Wearable obstacle avoidance electronic travel aids for blind: a survey},
  author={Dakopoulos, Dimitrios and Bourbakis, Nikolaos G},
  journal={IEEE Transactions on Systems, Man, and Cybernetics, Part C (Applications and Reviews)},
  volume={40},
  number={1},
  pages={25--35},
  year={2010},
  publisher={IEEE}
}
